% Encoding: UTF-8

@Article{Djie2016,
  author = {Anthony C. Eufemio Kai C. Chng Shaun Djie},
  title  = {Digix's Whitepaper: The Gold Standard in Crypto-Assets},
  year   = {2016},
  url    = {https://dgx.io/whitepaper.pdf},
}

@Article{Larimer2015,
  author = {Fabian Schuh Daniel Larimer},
  title  = {BitShares 2.0: Financial Smart Contract Platform},
  year   = {2015},
  url    = {http://docs.bitshares.eu/_downloads/bitshares-financial-platform.pdf},
}

@Article{Nakamoto2008,
  author =    {Satoshi Nakamoto},
  title =     {Bitcoin: A Peer-to-Peer Electronic Cash System},
  year =      {2008},
  owner =     {age},
  timestamp = {2016.11.03},
  url =       {https://bitcoin.org/bitcoin.pdf}
}

@Article{Tether.to2014,
  author = {Tether.to},
  title  = {Tether: Fiat currencies on the Bitcoin blockchain},
  year   = {2014},
  url    = {http://www.the-blockchain.com/docs/Tether%20Whitepaper.pdf},
}

@Article{Wood2014,
  author  = {Wood, Gavin},
  title   = {Ethereum: A secure decentralised generalised transaction ledger},
  journal = {Ethereum Project Yellow Paper},
  year    = {2014},
  url     = {http://gavwood.com/paper.pdf},
}

@Article{Ivanov2016,
  author = {Sasha Ivanov},
  title  = {Waves Whitepaper},
  year   = {2016},
  url    = {https://wavesplatform.com/whitepaper_v0.pdf},
}

@Electronic{ERC20,
  title = {{Ethereum Request for Comments (ERC) 20}},
  url   = {https://github.com/ethereum/EIPs/issues/20},
}

@Electronic{BisOutline,
  author = {{The ChronoBank Team}},
  title  = {{ChronoBank: Business Outline}},
  url    = {https://www.chronobank.io/files/business_outline.pdf},
}

@Electronic{ipfs,
  title = {{IPFS}: A peer-to-peer hypermedia protocol to make the web faster, safer, and more open},
  url   = {https://ipfs.io/},
}

@Electronic{swarm,
  author = {Viktor Tron Aron Fisher Daniel A. Nagy},
  title  = {{SWARM}},
  url    = {https://github.com/ethersphere/swarm},
}

@Electronic{CFD,
  author = {Investopedia},
  title  = {Contract for Difference},
  url    = {http://www.investopedia.com/terms/c/contractfordifferences.asp},
}

@Comment{jabref-meta: databaseType:bibtex;}
